@phdthesis{reed2019improvements,
  title={Improvements to the discrete generalized multigroup method based on proper orthogonal decomposition and SPH factors},
  author={Reed, Richard},
  year={2019},
  month={Dec},
  school={Kansas State University}
}

@article{reed2019effectiveness,
  title={Effectiveness of the discrete generalized multigroup method based on truncated, POD-driven basis sets},
  author={Reed, Richard L and Roberts, Jeremy A},
  journal={Annals of Nuclear Energy},
  volume={126},
  pages={253--261},
  year={2019},
  month={April},
  publisher={Elsevier}
}

@article{reed2019enhancements,
  title={Enhancements to the Discrete Generalized Multigroup Method},
  author={Reed, Richard L and Roberts, Jeremy A},
  journal={Transactions of the American Nuclear Society},
  volume={120},
  Number={1},
  pages={475-478},
  year={2019},
  month={Nov},
  address={Washington, D.C.},
  publisher={American Nuclear Society}
}

@article{xu2019acceleration,
  title={Acceleration of the Flattened Power Method with Dynamic Mode Decomposition},
  author={Xu, Leidong and Reed, Richard L and Roberts, Jeremy A},
  journal={Transactions of the American Nuclear Society},
  volume={121},
  number={1},
  pages={832--835},
  year={2019},
  Month={Nov},
  address={Washington, D.C.},
  publisher={American Nuclear Society}
}


@InProceedings{park2018improved,
    title={Improved modeling of the University of Wisconsin Nuclear Reactor by automatic generation of computational models},
    author={Park, Young Hui and Swenson, A. and Wilson, P. P. H. and Cheng, Ye and Reed, R. L. and Roberts, J. A.},
    year={2018},
    month={April},
    Booktitle={PHYSOR 2018},
    Address={Canc\'un, Mexico},
    publisher={American Nuclear Society}
}

@InProceedings{Reed2018enhancements,
  Title={Enhancements to the Discrete Generalized Multigroup Method},
  Author={Reed, Richard L. and Roberts, Jeremy A.},
  Booktitle={Symposium on advanced sensors and modeling techniques for nuclear reactor safety},
  Month={Dec},
  Year={2018},
  address={Mumbai, India},
  Note={Poster Presentation}
}

@InProceedings{gould2018conceptual,
  Title={Conceptual design of a homogeneous foam core fast reactor},
  Author={Gould, Daniel W. and Reed, Richard L.},
  Booktitle={Nuclear and Emerging Technologies for Space 2018},
  Year={2018},
  Month={Feb},
  address={Las Vegas, NM},
  Organization={American Nuclear Society}
}

@article{reed2017application,
  title={Application of the Karhunen--Lo{\`e}ve Transform to the C5G7 benchmark in the response matrix method},
  author={Reed, Richard L. and Roberts, Jeremy A.},
  journal={Annals of Nuclear Energy},
  volume={103},
  pages={350--355},
  year={2017},
  month={May},
  publisher={Elsevier}
}

@Article{Reed2017applications,
  Title={Application of Truncated Karhunen-Lo{\`e}ve Transform Basis Sets in the 1-D Discrete Generalized Multigroup Method},
  Author={Reed, Richard L. and Roberts, Jeremy A.},
  Journal={Transactions of the American Nuclear Society},
  Year={2017},
  Month={Oct},
  Volume={117},
  Number={1},
  Pages={714-717},
  addresss={Washington D.C.},
  Organization={American Nuclear Society}
}

@Article{Boyington2017gamma,
  Title={Gamma-Ray and Thermal-Neutron Filter Design for a TRIGA Penetrating Beam Port},
  Author={Boyington, John C. and Reed, Richard L. and Ullrich, Ryan M. and Roberts, Jeremy A.},
  Journal={Transactions of the American Nuclear Society},
  Year={2017},
  Month={Oct},
  Volumne={117},
  Number={1},
  Pages={1162-1165},
  addresss={Washington D.C.},
  Organization={American Nuclear Society}
}


@Article{Reed2016accuracy,
  Title={Accuracy of the Discrete Generalized Multigroup Method using Truncated Basis Sets},
  Author={Reed, Richard L. and Roberts, Jeremy A},
  journal={Transactions of the American Nuclear Society},
  Year={2016},
  Month={November},
  address={Las Vegas, NM},
  Organization={American Nuclear Society},
  Note={Poster Presentation}
}

@Article{Reed2016updating,
  Title={Updating a PWR Simulator in Python},
  Author={Reed, Richard L. and Hayhurst, Jacob W. and Gangadhara, Shravan D. and Roberts, Jeremy A.},
  journal={Transactions of the American Nuclear Society},
  Year={2016},
  Month={June},
  Volume={114},
  Number={1},
  Pages={952-954},
  address={New Orleans, LA},
  Organization={American Nuclear Society},
  Note={Poster Presentation}
}

@Article{Reed2015application,
  Title={Application of the Karhunen-Lo\'{e}ve Transform to the C5G7 benchmark in the Response Matrix Method},
  Author={Reed, Richard L. and Roberts, Jeremy A.},
  Journal={Transactions of the American Nuclear Society},
  Year={2015},
  Month={Oct},
  volume={113},
  number={1},
  pages={1278-1281},
  address={Washington, D.C.},
  Publisher={American Nuclear Society}
}

@Article{Reed2015monte,
  Title={Monte Carlo Thermal Radiation Transport: Discrete Diffusion Monte Carlo (DDMC) on Triangular Mesh},
  Author={Reed, Richard. L. and VanGessel, Frank. G. and Cleveland, Mathew. and Wollaber, Allan. and Urbatsch, Todd.},
  Journal={2015 Los Alamos National Laboratory Computational Physics Student Summer Workshop},
  Year={2015},
  Month={Aug},
  Pages={14-28}
}

@article{reed2015energy,
  title={An energy basis for response matrix methods based on the karhunen--lo{\'e}ve transform},
  author={Reed, Richard L and Roberts, Jeremy A},
  journal={Annals of Nuclear Energy},
  volume={78},
  pages={70--80},
  year={2015},
  month={April},
  publisher={Elsevier}
}

@MastersThesis{reed2015applications,
  title={Applications of the Karhunen-Lo{\'e}ve transform for basis generation in the response matrix method},
  author={Reed, Richard L.},
  year={2015},
  month={May},
  school={Kansas State University}
}

@article{reed2014energy,
  title={Energy Expansion in Response Matrix Methods Using the Karhunen-Lo{\'e}ve Transform},
  author={Reed, Richard L and Roberts, Jeremy A},
  journal={Transactions of the American Nuclear Society},
  volume={110},
  number={1},
  pages={239--242},
  year={2014},
  month={June},
  address={Las Vegas, NM},
  publisher={American Nuclear Society}
}

@InProceedings{Roberts2014phase,
  Title={Phase Space Bases for Response Matrix Methods},
  Author={Roberts, Jeremy A. and Reed, Richard L. and Forget, Benoit},
  Booktitle={PHYSOR 2014},
  Year={2014},
  Month={Mar},
  address={Kyoto, Japan},
  Publisher={American Nuclear Society}
}
